<record><leader>00000cas a22000007a 4500</leader><controlfield tag="001">13109258</controlfield><controlfield tag="008">860205d18631864wvuwr ne      0    0eng d</controlfield><controlfield tag="009">6116</controlfield><datafield ind1=" " ind2=" " tag="010"><subfield code="a">sn 86092176 </subfield></datafield><datafield ind1=" " ind2=" " tag="040"><subfield code="a">WVC</subfield><subfield code="b">eng</subfield><subfield code="c">WVC</subfield><subfield code="d">DLC</subfield><subfield code="d">OCL</subfield></datafield><datafield ind1=" " ind2=" " tag="042"><subfield code="a">msc</subfield></datafield><datafield ind1="0" ind2="4" tag="245"><subfield code="a">The Morgantown monitor.</subfield></datafield><datafield ind1="1" ind2="3" tag="246"><subfield code="a">Semi-weekly monitor</subfield><subfield code="f">May-June 1863.</subfield></datafield><datafield ind1=" " ind2=" " tag="260"><subfield code="a">Morgantown, Va. [W. Va.] :</subfield><subfield code="b">Geo. C. Sturgiss &amp; Wm. P. Wiley,</subfield><subfield code="c">1863-</subfield></datafield><datafield ind1=" " ind2=" " tag="300"><subfield code="a">v.</subfield></datafield><datafield ind1=" " ind2=" " tag="310"><subfield code="a">Weekly, June 1863-1864</subfield></datafield><datafield ind1=" " ind2=" " tag="321"><subfield code="a">Weekly,</subfield><subfield code="b">Feb.-May, 1863</subfield></datafield><datafield ind1=" " ind2=" " tag="321"><subfield code="a">Semiweekly,</subfield><subfield code="b">May-June 1863</subfield></datafield><datafield ind1="0" ind2=" " tag="362"><subfield code="a">Vol. 1, no. 1 (Feb. 14, 1863)-</subfield></datafield><datafield ind1="0" ind2=" " tag="362"><subfield code="a">Ceased in 1864?</subfield><subfield code="z">Cf. Wiley, Samuel T.  Hist. of Monongalia Co., W.Va.</subfield></datafield><datafield ind1=" " ind2=" " tag="752"><subfield code="a">United States</subfield><subfield code="b">West Virginia</subfield><subfield code="c">Monongalia</subfield><subfield code="d">Morgantown.</subfield></datafield><datafield ind1="0" ind2="0" tag="780"><subfield code="t">West Virginia herald (Morgantown, Va.)</subfield></datafield><datafield ind1="0" ind2="1" tag="785"><subfield code="t">Morgantown weekly post (Morgantown, W.Va. : 1864)</subfield><subfield code="w">(DLC)sn 86092173</subfield></datafield></record>